<record><leader>00000cas a22000007a 4500</leader><controlfield tag="001">30843903</controlfield><controlfield tag="008">940728d19541954ncuir ne      0    0eng d</controlfield><datafield ind1=" " ind2=" " tag="010"><subfield code="a">sn 94058255 </subfield></datafield><datafield ind1=" " ind2=" " tag="040"><subfield code="a">NVJ</subfield><subfield code="b">eng</subfield><subfield code="c">NVJ</subfield><subfield code="d">OCLCQ</subfield></datafield><datafield ind1=" " ind2=" " tag="042"><subfield code="a">msc</subfield></datafield><datafield ind1="0" ind2="4" tag="245"><subfield code="a">The Newton Conover twin-city observer and the Catawba news-enterprise.</subfield></datafield><datafield ind1="3" ind2="0" tag="246"><subfield code="a">Newton Conover twin city observer</subfield></datafield><datafield ind1="3" ind2="0" tag="246"><subfield code="a">Catawba news enterprise</subfield></datafield><datafield ind1=" " ind2=" " tag="260"><subfield code="a">Newton, N.C. :</subfield><subfield code="b">Charles Harden Mebane &amp; Cyril Long Mebane</subfield></datafield><datafield ind1=" " ind2=" " tag="300"><subfield code="a">v.</subfield></datafield><datafield ind1=" " ind2=" " tag="310"><subfield code="a">Triweekly</subfield></datafield><datafield ind1="1" ind2=" " tag="362"><subfield code="a">Began on Nov. 1, 1954.</subfield></datafield><datafield ind1="0" ind2=" " tag="362"><subfield code="a">-v. 75 (Nov. 17, 1954).</subfield></datafield><datafield ind1=" " ind2=" " tag="515"><subfield code="a">Issues lack number designation.</subfield></datafield><datafield ind1=" " ind2=" " tag="588"><subfield code="a">Description based on: Vol. 75 (Nov. 3, 1954).</subfield></datafield><datafield ind1=" " ind2=" " tag="752"><subfield code="a">United States</subfield><subfield code="b">North Carolina</subfield><subfield code="c">Catawba</subfield><subfield code="d">Newton.</subfield></datafield><datafield ind1=" " ind2=" " tag="752"><subfield code="a">United States</subfield><subfield code="b">North Carolina</subfield><subfield code="c">Catawba</subfield><subfield code="d">Conover.</subfield></datafield><datafield ind1="0" ind2="4" tag="780"><subfield code="t">Newton Conover twin-city observer</subfield><subfield code="w">(DLC)sn 94058254</subfield></datafield><datafield ind1="0" ind2="4" tag="780"><subfield code="t">Catawba news-enterprise</subfield><subfield code="w">(DLC)sn 91099170</subfield></datafield><datafield ind1="0" ind2="0" tag="785"><subfield code="t">Observer and news-enterprise</subfield><subfield code="w">(DLC)sn 97064545</subfield></datafield></record>